@article{liu1973,
  title={Scheduling algorithms for multiprogramming in a hard-real-time environment},
  author={Liu, Chung Laung and Layland, James W},
  journal={Journal of the ACM (JACM)},
  volume={20},
  number={1},
  pages={46--61},
  year={1973},
  publisher={ACM New York, NY, USA},
  doi={10.1145/321738.321743}
}

@article{audsley1993,
  title={Fixed priority pre-emptive scheduling: An historical perspective},
  author={Audsley, Neil and Burns, Alan and Richardson, Mike and Tindell, Ken and Wellings, Andy J},
  journal={Real-Time Systems},
  volume={8},
  number={2-3},
  pages={173--198},
  year={1993},
  publisher={Springer},
  doi={10.1007/BF01995318}
}

@article{sha1990,
  title={Priority inheritance protocols: An approach to real-time synchronization},
  author={Sha, Lui and Rajkumar, Ragunathan and Lehoczky, John P},
  journal={IEEE Transactions on computers},
  volume={39},
  number={9},
  pages={1175--1185},
  year={1990},
  publisher={IEEE},
  doi={10.1109/12.57058}
}

@book{buttazzo2011,
  title={Hard real-time computing systems: predictable scheduling algorithms and applications},
  author={Buttazzo, Giorgio C},
  volume={24},
  year={2011},
  publisher={Springer Science \& Business Media},
  isbn={978-1-4614-0676-1},
  edition={3rd}
}

@article{davis2011,
  title={A survey of hard real-time scheduling for multiprocessor systems},
  author={Davis, Robert I and Burns, Alan},
  journal={ACM computing surveys},
  volume={43},
  number={4},
  pages={1--44},
  year={2011},
  publisher={ACM New York, NY, USA},
  doi={10.1145/1978802.1978814}
}

@phdthesis{brandenburg2011,
  title={Scheduling and locking in multiprocessor real-time operating systems},
  author={Brandenburg, Bj{\"o}rn B},
  year={2011},
  school={University of North Carolina at Chapel Hill}
}

@manual{stm32h7_ref,
  title={STM32H743/753 and STM32H750 Value line advanced Arm{\textregistered}-based 32-bit MCUs Reference manual},
  author={{STMicroelectronics}},
  year={2024},
  note={RM0433 Rev 7},
  organization={STMicroelectronics},
  url={https://www.st.com/resource/en/reference_manual/rm0433-stm32h742-stm32h743753-and-stm32h750-value-line-advanced-armbased-32bit-mcus-stmicroelectronics.pdf}
}

@misc{px4,
  title={PX4 Autopilot User Guide},
  author={{PX4 Development Team}},
  year={2024},
  howpublished={\url{https://docs.px4.io/}},
  note={Open Source Autopilot Project}
}

@misc{nuttx,
  title={Apache NuttX Real-Time Operating System},
  author={{Apache Software Foundation}},
  year={2024},
  howpublished={\url{https://nuttx.apache.org/}},
  note={Apache NuttX Project Documentation}
}

@inproceedings{lehoczky1989,
  title={The rate monotonic scheduling algorithm: Exact characterization and average case behavior},
  author={Lehoczky, John and Sha, Lui and Ding, Ye},
  booktitle={Real-Time Systems Symposium, 1989., Proceedings.},
  pages={166--171},
  year={1989},
  organization={IEEE},
  doi={10.1109/REAL.1989.63567}
}

@article{joseph1986,
  title={Finding response times in a real-time system},
  author={Joseph, Mathai and Pandya, Paritosh},
  journal={The Computer Journal},
  volume={29},
  number={5},
  pages={390--395},
  year={1986},
  publisher={Oxford University Press},
  doi={10.1093/comjnl/29.5.390}
}

@inproceedings{tindell1994,
  title={An extendible approach for analyzing fixed priority hard real-time tasks},
  author={Tindell, Ken and Burns, Alan and Wellings, Andy J},
  booktitle={Real-Time Systems Symposium, 1994., Proceedings.},
  pages={133--142},
  year={1994},
  organization={IEEE},
  doi={10.1109/REAL.1994.342710}
}

@article{bini2005,
  title={Measuring the performance of schedulability tests},
  author={Bini, Enrico and Buttazzo, Giorgio C},
  journal={Real-Time Systems},
  volume={30},
  number={1-2},
  pages={129--154},
  year={2005},
  publisher={Springer},
  doi={10.1007/s11241-005-0507-9}
}

@inproceedings{meumeu2016,
  title={Response-time analysis of RMS scheduled tasks with arbitrary deadlines},
  author={Meumeu Yomsi, Patrick and Sorel, Yves},
  booktitle={2016 28th Euromicro Conference on Real-Time Systems (ECRTS)},
  pages={90--99},
  year={2016},
  organization={IEEE},
  doi={10.1109/ECRTS.2016.18}
}

@article{chen2019,
  title={A comprehensive survey on real-time applications of UAV swarms},
  author={Chen, Jie and Du, Changkun and Zhang, Yifeng and Han, Peng and Wei, Wei},
  journal={IEEE Access},
  volume={7},
  pages={2856--2878},
  year={2019},
  publisher={IEEE},
  doi={10.1109/ACCESS.2019.2956913}
}

@manual{cortex_m7_ref,
  title={Cortex-M7 Processor Technical Reference Manual},
  author={{ARM Limited}},
  year={2024},
  note={Revision r1p2},
  organization={ARM Limited},
  url={https://developer.arm.com/documentation/ddi0489/latest/}
}

@inproceedings{xu2015,
  title={Systematic evaluation of cache-related preemption delay aware schedulability tests for fixed priority preemptive systems},
  author={Xu, Xiaotian and Chen, Jian-Jia and Dobrin, Radu and Petters, Stefan M},
  booktitle={2015 27th Euromicro Conference on Real-Time Systems},
  pages={13--24},
  year={2015},
  organization={IEEE},
  doi={10.1109/ECRTS.2015.10}
}

@article{de2013,
  title={Response-time analysis for fixed-priority systems with a write-back cache},
  author={De Michiel, Marianne and Bonenfant, Armelle and Cassez, Franck and Schoeberl, Martin},
  journal={ACM Transactions on Embedded Computing Systems (TECS)},
  volume={13},
  number={4s},
  pages={1--18},
  year={2013},
  publisher={ACM New York, NY, USA},
  doi={10.1145/2536747.2536757}
}

@inproceedings{pellizzoni2008,
  title={Memory aware real-time scheduling for multicore platforms},
  author={Pellizzoni, Rodolfo and Schranzhofer, Andreas and Chen, Jian-Jia and Caccamo, Marco and Thiele, Lothar},
  booktitle={2008 Euromicro Conference on Real-Time Systems},
  pages={3--12},
  year={2008},
  organization={IEEE},
  doi={10.1109/ECRTS.2008.25}
}

@article{yao2012,
  title={MemGuard: Memory bandwidth reservation system for efficient performance isolation in multi-core platforms},
  author={Yao, Heechul and Yun, Hongseok and Wu, Zheng-Pei and Shin, Insik and Sha, Lui},
  journal={Real-Time and Embedded Technology and Applications Symposium},
  pages={55--64},
  year={2013},
  organization={IEEE},
  doi={10.1109/RTAS.2013.6531079}
}
